@inproceedings{li2018character,
  title={Character-level intrusion detection based on convolutional neural networks},
  author={Lin, S. Z.; Shi, Y.; and Xue, Z.},
  booktitle={Proceedings of International Joint Conference of Neural Networks},
  pages={3454--3461},
  year={2018},
  organization={IEEE}
}

@inproceedings{li2017intrusion,
  title={Intrusion detection using convolutional neural
networks for representation learning},
  author={Li, Z.; Qin, Z.; Huang, K.; Yang, X.; and Ye,S.},
  booktitle={Proceedings of International Conference on Neural Information Processing},
  pages={858--866},
  year={2014},
  organization={Springer}
}

@inproceedings{carlini2017adv,
  title={Adversarial examples are not easily detected: Bypassing ten detection methods},
  author={Carlini, N., and Wagner, D.},
  booktitle={Proceedings of the 10th ACM Workshop on Artificial Intelligence and Security},
  pages={13--14},
  year={2017},
  organization={ACM}
}

@inproceedings{kim2017malware,
  title={Malware detection using deep transferred generative adversarial networks},
  author={Kim, J.-Y.; Bu, S.-J.; and Cho, S.-B.},
  booktitle={Proceedings of International Conference on Neural Information Processing},
  pages={556--564},
  year={2017},
  organization={Springer}
}

@inproceedings{hu2015improv,
  title={An improved intrusion detection framework based on
artificial neural networks},
  author={Hu, L.; Zhang, Z.; Tang, H.; and Xie, N.},
  booktitle={Proceedings of the 11th International Conference on Natural Computation},
  pages={1115--1120},
  year={2015},
  organization={IEEE}
}

@article{tsai2009intrusion,
  title={Intrusion detection by machine learning: A review},
  author={Tsai, C.-F.; Hsu, Y.-F.; Lin, C.-Y.; and Lin,W.-Y.},
  journal={Expert Systems with Applications 36(10)},
  pages={11994--12000},
  year={2017}
}

@article{goodfellow2014gan,
  title={Generative adversarial nets},
  author={TGoodfellow, I.; Pouget-Abadie, J.;
Mirza, M.; Xu, B.; Warde-Farley, D.; Ozair, S.; Courville,A.; and Bengio, Y.},
  journal={Advances in neural information processing systems},
  pages={2672--2680},
  year={2014}
}

@article{lin2018idsgan,
  title={{IDSGAN: Generative Adversarial Networks for Attack Generation against Intrusion Detection}},
  author={Lin, Z.;Shi, Y.;Xue, Z.},
  journal={ArXiv},
  year={2018}
}

@article{arjovsky2017gan,
  title={{Wasserstein GAN}},
  author={Arjovsky, M.; Chintala, S.; and Bottou, L.},
  journal={ArXiv preprint arXiv:1701.07875},
  year={2017}
}

@article{davis2011data,
  title={{Data preprocessing for anomaly based network intrusion detection: A review}},
  author={Davis, J. J., and Clark, A. J.},
  journal={computers \& security 30(6-7)},
  pages={353--375},
  year={2011}
}

@article{lee2000frame,
  title={{A framework for constructing features and models for intrusion detection systems}},
  author={Lee, W., and Stolfo, S. J.},
  journal={ACM transactions on Information and system security (TiSSEC) 3(4)},
  pages={227--261},
  year={2000}
}

@article{konecny2016fed,
  title={{Federated Learning: Strategies for Improving
Communication Efficiency}},
  author={J. Konečný, H. Brendan McMahan, F. X. Yu, P. Richtárik, A. Theertha Suresh, and D. Bacon},
  journal={CoRR, vol. abs/1610.05492},
  year={2016}
}

@article{corentin2018gan,
  title={{MD-GAN: Multi-Discriminator Generative Adversarial Networks for Distributed Datasets}},
  author={Corentin Hardy, Erwan Le Merrer, Bruno Sericola},
  journal={ArXiv},
  year={2018}
}