@inproceedings{elephant,
author = {Ha, Kiryong and Abe, Yoshihisa and Eiszler, Thomas and Chen, Zhuo and Hu, Wenlu and Amos, Brandon and Upadhyaya, Rohit and Pillai, Padmanabhan and Satyanarayanan, Mahadev},
title = {{You Can Teach Elephants to Dance: Agile VM Handoff for Edge Computing}},
year = {2017},
isbn = {9781450350877},
publisher = {Association for Computing Machinery},
address = {New York, NY, USA},
note = {\url{https://doi.org/10.1145/3132211.3134453}},
doi = {10.1145/3132211.3134453},
booktitle = {Proceedings of the Second ACM/IEEE Symposium on Edge Computing},
articleno = {Article 12},
numpages = {14},
keywords = {cloudlet, virtual machine handoff, edge computing, virtual machine live migration, WAN migration, mobile computing, cloud computing, virtual machine},
location = {San Jose, California},
series = {SEC â€™17}
}

@ARTICLE{migration_mec, 
author={A. {Machen} and S. {Wang} and K. K. {Leung} and B. J. {Ko} and T. {Salonidis}}, 
journal={IEEE Wireless Communications}, 
title={{Live Service Migration in Mobile Edge Clouds}}, 
year={2018}, 
volume={25}, 
number={1}, 
pages={140-147}
}

@INPROCEEDINGS{redun_mig, 
author={K. {Govindaraj} and A. {Artemenko}}, 
booktitle={2018 IEEE 23rd International Conference on Emerging Technologies and Factory Automation (ETFA)}, 
title={{Container Live Migration for Latency Critical Industrial Applications on Edge Computing}}, 
year={2018}, 
volume={1}, 
number={}, 
pages={83-90}
}

@INPROCEEDINGS{dynamic,  
author={B. {Urgaonkar} and P. {Shenoy} and A. {Chandra} and P. {Goyal}},  
booktitle={Second International Conference on Autonomic Computing (ICAC'05)},  
title={{Dynamic Provisioning of Multi-tier Internet Applications}},   
year={2005},  
volume={},  
number={},  
pages={217-228}
}

@article{daniel2011prediction,
	title={{Prediction-based Virtual Instance Migration for Balanced Workload in the Cloud Datacenters}},
	author={Daniel, Shibu and Kwon, Minseok},
	note={\url{http://scholarworks.rit.edu/article/985}},
	year={2011}
}

@article{yourkit2010yourkit,
  title={{The YourKit Java Profiler}},
  author={YourKit, LLC},
  note={\url {http://www.yourkit.com}},
  year={2010}
}