@book {p2p,
author = {{James F. Kurose and Keith M. Ross}},
title = {{Computer Networking: A Top-Down Approach}},
isbn = {9780132856201},
year = {2013},
publisher = {Pearson Education, Inc.}
}

@article{kademlia,
    author =       {{Petar Maymounkov and David Mazi\`eres}},
    title =        {{Kademlia: A Peer-to-peer Information System Based on the XOR Metric}},
    journal =      {Proceedings of the 1st International Workshop on Peer-to-Peer Systems (IPTPS '02)},
    pages =        "53--65",
    year =         "2002"
}

@article{bittorrent,
    author =       {{Bram Cohen}},
    title =        {{The BitTorrent Protocol Specification}},
    year =         "2008",
    note = "\url{https://www.bittorrent.org/beps/bep_0003.html}"
}